@online{fopen,
  author = {Carnegie Mellon University},
  title = {Do not open a file that is already open},
  year = 2018,
  url = {https://wiki.sei.cmu.edu/confluence/display/c/FIO24-C.+Do+not+open+a+file+that+is+already+open},
  urldate = {2018-10-26}
}